@misc{minigte,
  author={QTACK},
  title={mini-gte: A Compact Text Embedding Model},
  year={2024},
  howpublished={Hugging Face},
  url={https://huggingface.co/prdev/mini-gte},
  note={Accessed: 2025-10-17}
}